<?xml version="1.0" encoding="UTF-8"?><collection xmlns="http://www.loc.gov/MARC21/slim"><record><leader>00294nam--2200109-i-4500</leader><controlfield tag="001">000007070</controlfield><controlfield tag="002">20161230</controlfield><controlfield tag="005">20161230201027</controlfield><controlfield tag="008">060222s1000------------r-----000-0-eng-d</controlfield><datafield ind1=" " ind2=" " tag="245"><subfield code="a">Design study on a 2oo mw nuclear power station</subfield></datafield><datafield ind1=" " ind2=" " tag="260"><subfield code="a">Copenhagen-hellerup, Danatom, 1961</subfield></datafield><datafield ind1=" " ind2=" " tag="490"><subfield code="a">Ix+159p.+25 Pl</subfield></datafield></record></collection>